<record xmlns="http://www.loc.gov/MARC21/slim" xmlns:xsi="http://www.w3.org/2001/XMLSchema-instance" xsi:schemaLocation="http://www.loc.gov/MARC21/slim http://www.loc.gov/standards/marcxml/schema/MARC21slim.xsd"><leader>02460nam a2200373   4500</leader><controlfield tag="001">002774132</controlfield><controlfield tag="003">NNU</controlfield><controlfield tag="006">m        d        </controlfield><controlfield tag="007">cr cn |||m|||a</controlfield><controlfield tag="008">150116q19801986ir      o     000 0 ara</controlfield><datafield ind1=" " ind2=" " tag="040"><subfield code="a">NNU</subfield><subfield code="b">eng</subfield><subfield code="c">NNU</subfield></datafield><datafield ind1="0" ind2="0" tag="050"><subfield code="a">PJ6101.I193</subfield><subfield code="b">A9 1980z &lt;Orien Arab&gt;</subfield></datafield><datafield ind1=" " ind2=" " tag="066"><subfield code="c">(3</subfield></datafield><datafield ind1=" " ind2=" " tag="090"><subfield code="a">PJ6101.I193</subfield><subfield code="b">A9 1980z</subfield></datafield><datafield ind1="1" ind2=" " tag="100"><subfield code="6">880-01</subfield><subfield code="a">Azhar&#299;, Kh&#257;lid ibn &#699;Abd All&#257;h,</subfield><subfield code="d">d. 1499</subfield></datafield><datafield ind1="1" ind2="0" tag="245"><subfield code="6">880-02</subfield><subfield code="a">Shar&#7717; al-Ta&#7779;r&#299;&#7717; &#699;al&#225; al-Taw&#7693;&#299;&#7717;</subfield><subfield code="h">[electronic resource] /</subfield><subfield code="c">li-Kh&#257;lid ibn &#699;Abd All&#257;h al-Azhar&#299; &#699;al&#225; Alf&#299;yat ibn M&#257;lik f&#299; al-na&#7717;w wa-al-&#7779;arf li-Jam&#257;l al-D&#299;n Ab&#299; Mu&#7717;ammad ibn &#699;Abd All&#257;h ibn Y&#363;suf Hish&#257;m al-An&#7779;&#257;r&#299; ; wa-bi-h&#257;mishihi &#7717;&#257;shiyatihi li-Y&#257;s&#299;n ibn Zayn al-D&#299;n al-&#699;Ulaym&#299; al-&#7716;im&#7779;&#299;.</subfield></datafield><datafield ind1=" " ind2=" " tag="260"><subfield code="6">880-03</subfield><subfield code="a">&#7788;ihr&#257;n, &#298;r&#257;n :</subfield><subfield code="b">Intish&#257;r&#257;t-i N&#257;&#7779;ir Khusraw,</subfield><subfield code="c">[198-?]</subfield></datafield><datafield ind1=" " ind2=" " tag="300"><subfield code="a">online resource (2 v.)</subfield></datafield><datafield ind1=" " ind2=" " tag="500"><subfield code="a">Part of the Arabic Collections Online (ACO) project, contributed by New York Univeristy Libraries.</subfield></datafield><datafield ind1=" " ind2=" " tag="533"><subfield code="a">Electronic reproduction.</subfield><subfield code="b">New York, N.Y. :</subfield><subfield code="c">New York University,</subfield><subfield code="d">2015.</subfield><subfield code="5">NNU</subfield></datafield><datafield ind1="1" ind2="0" tag="600"><subfield code="6">880-04</subfield><subfield code="a">Ibn Hish&#257;m, &#699;Abd All&#257;h ibn Y&#363;suf,</subfield><subfield code="d">1309-1360.</subfield><subfield code="t">Aw&#7693;a&#7717; al-mas&#257;lik il&#225; Alf&#299;yat Ibn M&#257;lik</subfield></datafield><datafield ind1=" " ind2="0" tag="650"><subfield code="a">Arabic language</subfield><subfield code="x">Grammar.</subfield></datafield><datafield ind1="1" ind2=" " tag="700"><subfield code="6">880-05</subfield><subfield code="a">&#699;Ulaym&#299;, Y&#257;s&#299;n ibn Zayn al-D&#299;n,</subfield><subfield code="d">d. 1650 or 51</subfield></datafield><datafield ind1="2" ind2=" " tag="710"><subfield code="a">New York University.</subfield><subfield code="b">Libraries.</subfield></datafield><datafield ind1="0" ind2=" " tag="730"><subfield code="a">Arabic Collections Online.</subfield></datafield><datafield ind1="0" ind2="8" tag="776"><subfield code="i">Print version:</subfield><subfield code="a">Azhar&#299;, Kh&#257;lid ibn &#699;Abd All&#257;h, d. 1499 880-01</subfield><subfield code="t">Shar&#7717; al-Ta&#7779;r&#299;&#7717; &#699;al&#225; al-Taw&#7693;&#299;&#7717;</subfield><subfield code="w">(NNU)002774132</subfield><subfield code="w">(DLC)84931632 /NE</subfield></datafield><datafield ind1="4" ind2="0" tag="856"><subfield code="u">http://hdl.handle.net/2333.1/k3j9kgdd</subfield></datafield><datafield ind1="1" ind2=" " tag="880"><subfield code="6">100-01/</subfield><subfield code="a">&#1575;&#1604;&#1571;&#1586;&#1607;&#1585;&#1610;&#1548; &#1582;&#1575;&#1604;&#1583; &#1576;&#1606; &#1593;&#1576;&#1583; &#1575;&#1604;&#1604;&#1607;.</subfield></datafield><datafield ind1="1" ind2="0" tag="880"><subfield code="6">245-02/</subfield><subfield code="a">&#1588;&#1585;&#1581; &#1575;&#1604;&#1578;&#1589;&#1585;&#1610;&#1581; &#1593;&#1604;&#1609; &#1575;&#1604;&#1578;&#1608;&#1590;&#1610;&#1581; /</subfield><subfield code="c">&#1604;&#1582;&#1575;&#1604;&#1583; &#1576;&#1606; &#1593;&#1576;&#1583; &#1575;&#1604;&#1604;&#1607; &#1575;&#1604;&#1571;&#1586;&#1607;&#1585;&#1610; &#1593;&#1604;&#1609; &#1575;&#1604;&#1601;&#1610;&#1577; &#1575;&#1576;&#1606; &#1605;&#1575;&#1604;&#1603; &#1601;&#1610; &#1575;&#1604;&#1606;&#1581;&#1608; &#1608;&#1575;&#1604;&#1589;&#1585;&#1601; &#1604;&#1580;&#1605;&#1575;&#1604; &#1575;&#1604;&#1583;&#1610;&#1606; &#1571;&#1576;&#1610; &#1605;&#1581;&#1605;&#1583; &#1576;&#1606; &#1593;&#1576;&#1583; &#1575;&#1604;&#1604;&#1607; &#1576;&#1606; &#1610;&#1608;&#1587;&#1601; &#1576;&#1606; &#1607;&#1588;&#1575;&#1605; &#1575;&#1604;&#1575;&#1606;&#1589;&#1575;&#1585;&#1610; &#1563; &#1608;&#1576;&#1607;&#1575;&#1605;&#1588;&#1607; &#1581;&#1575;&#1588;&#1610;&#1578;&#1607; &#1604;&#1610;&#1587; &#1576;&#1606; &#1586;&#1610;&#1606; &#1575;&#1604;&#1583;&#1610;&#1606; &#1575;&#1604;&#1593;&#1604;&#1610;&#1605;&#1610; &#1575;&#1604;&#1581;&#1605;&#1589;&#1610;.</subfield></datafield><datafield ind1=" " ind2=" " tag="880"><subfield code="6">260-03/</subfield><subfield code="a">&#1591;&#1607;&#1585;&#1575;&#1606;&#1548; &#1575;&#1610;&#1585;&#1575;&#1606; :</subfield><subfield code="b">&#1575;&#1606;&#1578;&#1588;&#1575;&#1585;&#1575;&#1578; &#1606;&#1575;&#1589;&#1585; &#1582;&#1587;&#1585;&#1608;&#1548;</subfield><subfield code="c">[198-?]</subfield></datafield><datafield ind1="1" ind2="4" tag="880"><subfield code="6">600-04/</subfield><subfield code="a">&#1575;&#1576;&#1606; &#1607;&#1588;&#1575;&#1605;&#1548; &#1593;&#1576;&#1583; &#1575;&#1604;&#1604;&#1607; &#1576;&#1606; &#1610;&#1608;&#1587;&#1601;.</subfield><subfield code="t">&#1571;&#1608;&#1590;&#1581; &#1575;&#1604;&#1605;&#1587;&#1575;&#1604;&#1603; &#1573;&#1604;&#1609; &#1571;&#1604;&#1601;&#1610;&#1577; &#1576;&#1606; &#1605;&#1575;&#1604;&#1603;.</subfield></datafield><datafield ind1="1" ind2=" " tag="880"><subfield code="6">700-05/</subfield><subfield code="a">&#1593;&#1604;&#1610;&#1605;&#1610;&#1548; &#1610;&#1587; &#1576;&#1606; &#1586;&#1610;&#1606; &#1575;&#1604;&#1583;&#1610;&#1606;.</subfield></datafield><datafield ind1=" " ind2=" " tag="959"><subfield code="a">NNU</subfield><subfield code="b">WEB</subfield><subfield code="c">GENI</subfield><subfield code="t">0</subfield><subfield code="m">Electronic access</subfield><subfield code="s">01</subfield></datafield><datafield ind1=" " ind2=" " tag="999"><subfield code="i">NNU_002774132</subfield><subfield code="o" /></datafield></record>